@BOOK{Alfred:2007:Compilers,
    author =      "Alfred V. Aho and Monica S. Lam and Ravi Sethi and Jeffrey D. Ullman",
    title =       "Compilers",
    subtitle =    "Principles, Techniques, \& Tools",
    publisher =   "Pearson Education, Inc",
    edition =     "2",
    address =     "Boston",
    year =        "2007",
    isbn =        "0-321-48681-1",
}

@BOOK{Salomaa:2012:Handbook1,
    author =      "G. Rozenberg and A. Salomaa and others",
    title =       "Handbook of Formal Languages",
    subtitle =    "Volume 1 Word, Language, Grammar",
    publisher =   "Springer-Verlag Berlin Heidelberg",
    howpublished = "online",
    edition =     "1",
    editionnumber = "1",
    address =     "Berlin, Heidelberg",
    year =        "prosinec 2012",
    isbn =        "978-3-642-59136-5",
    doi =         "10.1007/978-3-642-59136-5",
    url =         "https://doi.org/10.1007/978-3-642-59136-5",
    cited =       "2023-12-21",
}

@BOOK{Salomaa:2013:Handbook2,
    author =      "G. Rozenberg and A. Salomaa and others",
    title =       "Handbook of Formal Languages",
    subtitle =    "Volume 2. Linear Modeling: Background and Application",
    publisher =   "Springer-Verlag Berlin Heidelberg",
    howpublished = "online",
    edition =     "1",
    editionnumber = "1",
    address =     "Berlin, Heidelberg",
    year =        "duben 2013",
    isbn =        "978-3-662-07675-0",
    doi =         "10.1007/978-3-662-07675-0",
    url =         "https://doi.org/10.1007/978-3-662-07675-0",
    cited =       "2023-12-21",
}

@BOOK{Meduna:2008:ElementsOfCompilerDesign,
    author =      "Alexander Meduna",
    title =       "Elements of compiler design",
    publisher =   "Auerbach Publications",
    edition =     "1",
    address =     "Boca Raton",
    year =        "2008",
    isbn =        "978-1-4200-6323-3",
}

@BOOK{Meduna:2000:AutomataAndLanguages,
    author =      "Alexander Meduna",
    title =       "Automata and languages",
    subtitle =    "Theory and Applications",
    publisher =   "Springer",
    address =     "London",
    year =        "2000",
    isbn =        "978-1-85233-074-3",
    edition =     "1"
}

@BOOK{Meduna:2014:FormalLanguagesAndComputation,
    author =      "Alexander Meduna",
    title =       "Formal Languages and Computation",
    subtitle =    "Models and Their Applications",
    publisher =   "Auerbach Publications",
    address =     "Boca Raton",
    year =        "2014",
    isbn =        "978-1-4665-1349-5",
    edition =     "1"
}

@webpage{nextbridge:2023:LanguagesDifference,
    author =       "Nextbridge",
    title =        "Nextbridge",
    secondarytitle = "What Is the Difference Between Programming Language and Natural Language?",
    howpublished = "online",
    publisher =    "Nextbridge",
    year =         "2023",
    month =        "6",
    day  =         "2",
    url =          "https://nextbridge.com/difference-between-programming-language-and-natural-language/",
    cited =        "2023-12-26"
}

@webpage{cppreference:2012:OperatorPrecedence,
    author =       "cppreference.com",
    title =        "cppreference.com",
    secondarytitle = "C Operator Precedence",
    howpublished = "online",
    publisher =    "cppreference.com",
    year =         "2012",
    month =        "4",
    day  =         "16",
    revised =      "Revidováno 31. 7. 2023",
    url =          "https://en.cppreference.com/w/c/language/operator_precedence",
    cited =        "2024-03-27"
}

@BOOK{Varju:1994:GrammarSystems,
    author = "Csuhaj-Varjú, Erzsébet and Dassow, Jürgen and Kelemen, Jozef and Paun, Gheorghe",
    title =        "Grammar Systems",
    subtitle = "A Grammatical Approach to Distribution and Cooperation",
    publisher =   "Gordon and Breach Science Publishers S.A.",
    address =     "Amsterdam",
    year =        "1994",
    isbn =        "2-88124-957-4",
    edition =     "1"
}

@BOOK{BSI:2003:CppStandard,
    author =        "{The British Standards Institution}",
    title =         "The C++ standard",
    subtitle =      "Incorporating Technical Corrigendum 1",
    publisher =     "John Wiley and Sons Ltd",
    address =       "Chichester",
    year =          "2003",
    isbn =          "0-470-84674-7",
    edition =       "2"
}

@website{IFJ:2017,
    title =         "Podklady předmětu Formální jazyky a překladače",
    publisher =        "Fakulta informačních technologií VUT v Brně",
    url =           "https://www.fit.vutbr.cz/study/courses/IFJ/public/materials/",
    howpublished =  "online",
    cited =         "2024-03-11",
    year =          "2017"
}

@website{VYPa:2022,
    title =         "Podklady předmětu Výstavba překladačů",
    publisher =        "Fakulta informačních technologií VUT v Brně",
    url =           "https://www.fit.vutbr.cz/study/courses/VYPa/public/materials/",
    howpublished =  "online",
    cited =         "2024-03-18",
    year =          "2022"
}

@website{TID:2007,
    title =         "Podklady předmětu Moderní teoretická informatika",
    publisher =        "Fakulta informačních technologií VUT v Brně",
    url =           "http://www.fit.vutbr.cz/~meduna/work/doku.php?id=lectures:phd:tid:tid",
    howpublished =  "online",
    cited =         "2024-03-22",
    year =          "2007"
}

@manual{Ceska:2020:TeoretickaInformatikaTIN,
  author       = "M. Češka and T. Vojnar and A. Smrčka and A. Rogalewicz",
  title        = "Teoretická informatika",
  subtitle     = "TIN",
  howpublished = "online",
  type         = "Studijní text",
  edition      = "1",
  address      = "Brno",
  organization = "Fakulta informačních technologií VUT v Brně",
  month        = "8",
  year         = "2020",
  cited        = "2024-03-09",
  url          = "http://www.fit.vutbr.cz/study/courses/TIN/public/Texty/TIN-studijni-text.pdf"
}


